@Book{LAF,
  author    = {van~Dongen, M.{\thinspace}R.{\thinspace}C.},
  title     = {{\LaTeX} and Friends},
  publisher = {Springer},
  year      = {2012},
  url       = {http://www.springer.com/computer/media+design/book/978-3-642-23815-4},
}


@Book{Lamport:94,
  author     = {Lamport, L.~},
  title      = {\LaTeX: A Document Preparation System},
  year       = {1994},
  publisher  = {Addison-Wesley},
}

@Manual{arsclassica,
  author     = {Pantieri, Lorenzo},
  title      = {Customizing ClassicThesis with the ArsClassica package},
  year       = {2010},
}

@Manual{biblatex,
  author     = {Lehman, Philipp},
  title      = {The \texttt{biblatex} Package},
  note       = {Version~1.0},
  year       = {2010},
}

@Manual{classicthesis,
  author     = {Miede, Andr{\'e}},
  title      = {A Classic Thesis Style},
  year       = {2007},
}

@Manual{fancyhdr,
  author     = {van Oostrum, Piet},
  title      = {Page Layout in {\LaTeX}},
  year       = {2004},
}
